

@article{example,
    title = {Some example article},
    author = {Some Person},
    journaltitle = {Some journal title goes here},
    url={example.com/something-interesting}
}
